@inproceedings{marquezgamez:hal-00656572,
  TITLE = {{SLAM visuel avec d{\'e}tection et suivi d'objets mobiles par une approche de segmentation/classification}},
  AUTHOR = {Marquez-Gamez, David and Devy, Michel},
  URL = {https://hal.archives-ouvertes.fr/hal-00656572},
  NOTE = {Session ''Posters''},
  BOOKTITLE = {{RFIA 2012 (Reconnaissance des Formes et Intelligence Artificielle)}},
  ADDRESS = {Lyon, France},
  HAL_LOCAL_REFERENCE = {Rapport LAAS n{\textdegree} 11666},
  PAGES = {978-2-9539515-2-3},
  YEAR = {2012},
  MONTH = Jan,
  KEYWORDS = {SLAMMOT ; Objets mobiles ; D{\'e}tection ; Suivi ; Segmentation ; Clustering},
  PDF = {https://hal.archives-ouvertes.fr/hal-00656572/file/rfia2012_submission_141.pdf},
  HAL_ID = {hal-00656572},
  HAL_VERSION = {v1},
}


